<?xml version="1.0" encoding="UTF-8"?><record xmlns="http://www.loc.gov/MARC21/slim" xmlns:cinclude="http://apache.org/cocoon/include/1.0" xmlns:zs="http://www.loc.gov/zing/srw/">
  <leader>01648cz  a2200277n  4500</leader>
  <controlfield tag="001">no 99050783 </controlfield>
  <controlfield tag="003">DLC</controlfield>
  <controlfield tag="005">20161110051021.0</controlfield>
  <controlfield tag="008">990716n| azannaabn          |a ana     c</controlfield>
  <datafield tag="010" ind1=" " ind2=" ">
    <subfield code="a">no 99050783 </subfield>
  </datafield>
  <datafield tag="035" ind1=" " ind2=" ">
    <subfield code="a">(OCoLC)oca05028957</subfield>
  </datafield>
  <datafield tag="035" ind1=" " ind2=" ">
    <subfield code="a">(Uk)004813071</subfield>
  </datafield>
  <datafield tag="040" ind1=" " ind2=" ">
    <subfield code="a">CU</subfield>
    <subfield code="b">eng</subfield>
    <subfield code="e">rda</subfield>
    <subfield code="c">CU</subfield>
    <subfield code="d">DLC</subfield>
    <subfield code="d">Uk</subfield>
  </datafield>
  <datafield tag="046" ind1=" " ind2=" ">
    <subfield code="s">1988</subfield>
    <subfield code="2">edtf</subfield>
  </datafield>
  <datafield tag="110" ind1="2" ind2=" ">
    <subfield code="a">Universitat Pompeu Fabra.</subfield>
    <subfield code="b">Observatori de Neologia</subfield>
  </datafield>
  <datafield tag="368" ind1=" " ind2=" ">
    <subfield code="a">Research teams</subfield>
    <subfield code="2">lcsh</subfield>
  </datafield>
  <datafield tag="370" ind1=" " ind2=" ">
    <subfield code="e">Barcelona (Spain)</subfield>
    <subfield code="2">naf</subfield>
  </datafield>
  <datafield tag="377" ind1=" " ind2=" ">
    <subfield code="a">cat</subfield>
    <subfield code="a">spa</subfield>
  </datafield>
  <datafield tag="410" ind1="2" ind2=" ">
    <subfield code="a">Universitat Pompeu Fabra.</subfield>
    <subfield code="b">Institut Universitari de Lingüística Aplicada.</subfield>
    <subfield code="b">Observatori de Neologia</subfield>
  </datafield>
  <datafield tag="410" ind1="2" ind2=" ">
    <subfield code="a">Universitat Pompeu Fabra.</subfield>
    <subfield code="b">Grup IULATERM.</subfield>
    <subfield code="b">Observatori de Neologia</subfield>
  </datafield>
  <datafield tag="410" ind1="2" ind2=" ">
    <subfield code="a">IULATERM-Obneo (Research group)</subfield>
  </datafield>
  <datafield tag="410" ind1="2" ind2=" ">
    <subfield code="a">Obneo (Research group)</subfield>
  </datafield>
  <datafield tag="670" ind1=" " ind2=" ">
    <subfield code="a">Diccionari de paraules noves, 1998:</subfield>
    <subfield code="b">t.p. (Observatori de Neologia) p. facing t.p. (Observatori de Neologia, Universitat Pompeu Fabra)</subfield>
  </datafield>
  <datafield tag="670" ind1=" " ind2=" ">
    <subfield code="a">Llengua catalana i neologia, 2004:</subfield>
    <subfield code="b">t.p. (Observatori de Neologia, Institut Universitari de Lingüística Aplicada, Universitat Pompeu Fabra)</subfield>
  </datafield>
  <datafield tag="670" ind1=" " ind2=" ">
    <subfield code="a">Mots d'avui, mots de demà, 2016:</subfield>
    <subfield code="b">t.p. (Observatori de Neologia - Universitat Pompeu Fabra Institut de Lingüística Aplicada) verso (Observatori de Neologia of the IULATERM research group)</subfield>
  </datafield>
  <datafield tag="670" ind1=" " ind2=" ">
    <subfield code="a">Its website, viewed 9 November 2016:</subfield>
    <subfield code="b">(Universitat Pompeu Fabra (Barcelona), Institut Universitari de Lingüística Aplicada, Observatori de Neologia; IULATERM-Obneo; research group formed in 1988 at the Universitat de Barcelona; in 1996 became part of the Universitat Pompeu Fabra; the Observatori de Neologia, part of the IULATERM group)</subfield>
  </datafield>
</record>